<record><leader>00000cas a22000007a 4500</leader><controlfield tag="001">16140972</controlfield><controlfield tag="008">870707d19221946iauwr ne      0    0eng d</controlfield><datafield ind1=" " ind2=" " tag="010"><subfield code="a">sn 87058469 </subfield></datafield><datafield ind1=" " ind2=" " tag="040"><subfield code="a">INP</subfield><subfield code="b">eng</subfield><subfield code="c">INP</subfield><subfield code="d">OCLCQ</subfield></datafield><datafield ind1=" " ind2=" " tag="042"><subfield code="a">msc</subfield></datafield><datafield ind1="0" ind2="4" tag="245"><subfield code="a">The Northwood anchor and the Worth County index consolidated.</subfield></datafield><datafield ind1="1" ind2="3" tag="246"><subfield code="a">Northwood anchor and Worth County index</subfield></datafield><datafield ind1="1" ind2="7" tag="246"><subfield code="a">Northwood anchor and index</subfield></datafield><datafield ind1="1" ind2="7" tag="246"><subfield code="a">Northwood anchor</subfield></datafield><datafield ind1=" " ind2=" " tag="260"><subfield code="a">Northwood, Iowa :</subfield><subfield code="b">Pitman-Barnes Print. Co.,</subfield><subfield code="c">1922-1946.</subfield></datafield><datafield ind1=" " ind2=" " tag="300"><subfield code="a">25 v.</subfield></datafield><datafield ind1=" " ind2=" " tag="310"><subfield code="a">Weekly</subfield></datafield><datafield ind1="0" ind2=" " tag="362"><subfield code="a">Vol. 37, no. 49 (Dec. 6, 1922)-v. 61, no. 15 (Apr. 11, 1946) = vol. 41, no. 49-v. 70, no. 15.</subfield></datafield><datafield ind1=" " ind2=" " tag="500"><subfield code="a">Includes section called: The Hanlontown news, &lt;Dec. 1, 1932-Nov. 30, 1933&gt;.</subfield></datafield><datafield ind1=" " ind2=" " tag="752"><subfield code="a">United States</subfield><subfield code="b">Iowa</subfield><subfield code="c">Worth</subfield><subfield code="d">Northwood.</subfield></datafield><datafield ind1=" " ind2=" " tag="752"><subfield code="a">United States</subfield><subfield code="b">Iowa</subfield><subfield code="c">Worth</subfield><subfield code="d">Hanlontown.</subfield></datafield><datafield ind1="0" ind2="4" tag="780"><subfield code="t">Northwood anchor (Northwood, Iowa : 1889)</subfield><subfield code="w">(DLC)sn 87058467</subfield></datafield><datafield ind1="0" ind2="4" tag="780"><subfield code="t">Worth County index</subfield><subfield code="w">(DLC)sn 87058468</subfield></datafield><datafield ind1="0" ind2="5" tag="780"><subfield code="t">Hanlontown news</subfield></datafield><datafield ind1="0" ind2="0" tag="785"><subfield code="t">Northwood anchor (Northwood, Iowa : 1946)</subfield><subfield code="w">(DLC)sn 85009401</subfield></datafield><datafield ind1="1" ind2=" " tag="787"><subfield code="t">Hanlontown news</subfield></datafield></record>